2133 2901
905 181 991 234 Ad
1010 183 1175 233 Embl.
1235 177 1383 234 XIII.

574 309 778 371 Qicquid
794 309 891 357 erit.
900 308 1126 371 fteperanda
1143 312 1264 355 omnis
1273 307 1448 369 fortuna
1459 307 1629 370 ferendo
1647 308 1713 369 est.

421 480 436 489 ,
489 452 494 496 j
516 439 582 490 Vi
600 439 750 490 semel
766 459 903 491 marc
915 437 1113 507 ingr-effi
1125 439 1253 496 sunt,
1265 439 1647 507 ventorumque
1660 445 1708 492 &c
1719 442 1854 493 aestus
1868 445 1993 494 arbi-

498 531 503 534 “
515 514 607 560 trio
620 510 717 560 feru
726 529 857 568 ntur,
869 509 1030 559 frustra
1040 510 1324 565 conentur,(i
1338 514 1483 560 velint
1494 511 1702 561 adversus
1715 513 1794 561 ista
1807 533 1991 581 pugna-

337 621 352 625 ..
515 595 562 625 re
574 598 587 620 .·
601 577 796 644 tquue
808 580 942 642 periti
955 577 1278 644 gubernatoris
1288 592 1377 624 tem
1387 577 1541 643 pestati
1556 577 1750 647 obsequi
1764 584 1869 628 artis
1883 582 1986 634 erit.

309 638 481 686 etiamsi
502 659 687 708 portum
701 659 856 691 tenere
869 658 1072 708 nequeat
1083 677 1096 698 ‚
1111 650 1153 691 δι
1167 658 1340 690 mutata
1351 638 1658 691 velificafione
1670 648 1811 692 vitare
1822 662 1897 694 aut
1907 645 1992 693 de·

307 705 477 752 clinare
493 710 686 756 maiores
698 711 803 756 illos
814 716 857 757 δε
869 710 1075 756 decimos
1087 708 1253 755 flustus
1267 726 1386 774 quos
1400 705 1575 773 frigere
1589 727 1687 756 non
1703 710 1923 774 poffit.1ta
1938 713 1987 759 in

303 767 374 816 his
386 787 539 820 rerum
553 774 1014 827 humanarumssnunc
1029 791 1225 840 propere
1237 772 1667 825 absecundantium,
1678 793 1800 823 nunc
1817 775 1984 824 reflan-

300 836 417 880 tium
434 838 780 903 tempestatibus
794 873 806 894 ,
820 842 1020 904 tempori
1044 837 1207 887 servire
1221 873 1233 892 ,
1247 840 1294 886 id
1307 839 1634 893 est‚neceffitati
1652 844 1984 904 parcrc.Deum

298 895 455 965 sequi,
477 911 520 952 &
533 903 678 951 fatum
693 905 897 952 adiutare
916 903 1079 969 potius
1094 905 1234 969 quim
1249 905 1493 969 impedire,
1507 907 1615 952 licet
1627 907 1869 972 aliteragat
1881 925 1985 963 nos,

302 967 441 1033 quim
456 970 669 1018 velimus,
682 969 858 1034 semper
871 969 1087 1035 sapientis
1100 970 1191 1018 fuit
1203 969 1484 1017 habitum.1n
1499 970 1591 1018 hoc
1604 975 1670 1016 vir
1685 973 1783 1019 viro
1798 971 1990 1035 praestat:

302 1034 434 1097 quod
447 1041 489 1082 &
503 1035 675 1082 malum
690 1042 731 1084 δι
745 1037 924 1082 bonum
946 1034 1200 1083 commode
1222 1034 1334 1082 ferat
1349 1069 1361 1088 ‚
1385 1034 1589 1101 sortique
1610 1034 1693 1082 suae
1715 1036 1985 1102 acquiescat.

303 1090 592 1164 Suscipiendi
606 1117 758 1147 rerum
773 1117 984 1149 eventus,
1005 1120 1054 1149 ac
1071 1101 1364 1165 disponenda
1378 1102 1707 1148 vtutceciderit
1726 1103 1819 1148 alea
1830 1099 1986 1149 fortu-

303 1180 388 1216 nae,
402 1167 477 1211 cui
490 1182 744 1230 repugnare
759 1165 810 1213 sit
822 1167 946 1214 velut
978 1169 1216 1214 materiam
1231 1166 1429 1230 praebere
1442 1200 1456 1220 ,
1471 1168 1565 1212 nim
1575 1164 1876 1231 bosc'luealios
1888 1169 1987 1230 alijs

301 1227 526 1277 asciscere.
583 1232 709 1293 Ergo
720 1228 823 1278 fatis
836 1230 1034 1279 sinamus
1047 1250 1132 1279 nos
1146 1231 1251 1278 duci
1267 1249 1364 1278 nou
1379 1231 1495 1278 trahi
1509 1265 1522 1283 ‚
1544 1247 1685 1296 vtque
1707 1249 1986 1298 noscunque

300 1295 421 1359 rapit
440 1294 703 1360 tempestas,
727 1299 1034 1362 aequoanimo
1054 1296 1336 1346 deferamur,
1355 1295 1530 1361 atquefi
1547 1315 1643 1361 quo
1664 1298 1837 1343 Italiam
1860 1300 1983 1345 coelo

298 1361 602 1426 contingere,
626 1379 937 1427 nequeamns,
968 1361 1453 1429 quiascilicetzMutati
1466 1359 1710 1408 transversa
1723 1358 1984 1411 fremunt&

298 1421 483 1489 vespere
495 1425 552 1472 ab
571 1441 671 1474 atro
685 1425 994 1493 Consurgunt
1010 1429 1162 1482 venti,
1183 1442 1321 1493 atque
1341 1429 1388 1472 in
1401 1427 1562 1473 vrbem
1585 1429 1985 1491 cogituraer‚Nec

299 1506 388 1536 nos
401 1490 558 1537 obniti
578 1491 744 1538 contra}
764 1509 848 1539 nec
859 1493 1051 1541 tendere
1070 1507 1251 1539 tantum
1270 1488 1543 1547 sufficimus,
1564 1490 1740 1555 superat
1754 1494 1981 1557 quoniam

297 1553 491 1602 fortuna
503 1553 746 1622 sequamur
764 1573 1107 1623 quoquevocat
1117 1572 1345 1605 vertamus
1358 1559 1679 1610 iter‚1uuatire
1695 1576 1790 1624 quo
1806 1575 1894 1605 nos
1913 1577 1983 1606 ra·

299 1621 439 1686 pium
450 1638 564 1668 aurae
575 1640 865 1688 quocunque
878 1640 957 1687 per
968 1624 1112 1670 vndas
1132 1623 1292 1670 Notus
1307 1622 1491 1670 vocabit
1503 1638 1578 1669 aut
1592 1638 1835 1686 proteruus
1849 1621 1982 1671 Afri..

372 1703 464 1733 cus.
481 1686 724 1752 chuid
735 1690 820 1734 erit
831 1686 1083 1752 superanda
1096 1705 1173 1735 om
1183 1689 1250 1734 nis
1262 1687 1452 1735 fortuna
1466 1686 1651 1734 ferenda
1663 1686 1899 1753 est.Qod

504 1751 535 1801 si
547 1754 683 1801 inviti
695 1749 890 1800 facimus
903 1753 1073 1818 duplex
1095 1755 1269 1799 malum
1282 1751 1367 1805 est,
1389 1750 1417 1797 fi
1433 1768 1530 1800 non
1544 1754 1681 1801 inviti
1698 1770 1783 1800 ne-

717 1818 960 1869 cessitatem
981 1817 1257 1884 effugimus,
1278 1819 1360 1883 qui
1379 1818 1576 1869 velimus

887 1884 1029 1951 ⁸quod
1048 1883 1366 1997 ὶρΐῖξοαᾶιῑτι

1106 1966 1130 1997 e
1147 1974 1149 1978 .
